<record><leader>00000cas a22000007a 4500</leader><controlfield tag="001">12929190</controlfield><controlfield tag="008">851218d18611862iauwr ne      0    0eng d</controlfield><datafield ind1=" " ind2=" " tag="010"><subfield code="a">sn 85049887 </subfield></datafield><datafield ind1=" " ind2=" " tag="040"><subfield code="a">INP</subfield><subfield code="b">eng</subfield><subfield code="c">INP</subfield><subfield code="d">OCLCQ</subfield></datafield><datafield ind1=" " ind2=" " tag="042"><subfield code="a">msc</subfield></datafield><datafield ind1="0" ind2="4" tag="245"><subfield code="a">The Des Moines times.</subfield></datafield><datafield ind1="1" ind2="3" tag="246"><subfield code="a">Iowa times</subfield></datafield><datafield ind1=" " ind2=" " tag="260"><subfield code="a">Des Moines, Iowa :</subfield><subfield code="b">[s.n.]</subfield></datafield><datafield ind1=" " ind2=" " tag="300"><subfield code="a">v.</subfield></datafield><datafield ind1=" " ind2=" " tag="310"><subfield code="a">Weekly</subfield></datafield><datafield ind1="1" ind2=" " tag="362"><subfield code="a">Began in 1861; ceased in 1862.</subfield><subfield code="z">Cf. Bibl. of Iowa newspapers.</subfield></datafield><datafield ind1=" " ind2=" " tag="500"><subfield code="a">Title varies: Iowa times. Cf. bibliography of Iowa newspapers.</subfield></datafield><datafield ind1=" " ind2=" " tag="500"><subfield code="a">"The union of the states, imperishable as the fame of its founders."</subfield></datafield><datafield ind1=" " ind2=" " tag="500"><subfield code="a">Editor: J.B. Bausman, &lt;Feb. 8-Mar. 29, 1862&gt;.</subfield></datafield><datafield ind1=" " ind2=" " tag="588"><subfield code="a">Description based on: Vol. 1, no. 16 (Feb. 8, 1862).</subfield></datafield><datafield ind1=" " ind2=" " tag="752"><subfield code="a">United States</subfield><subfield code="b">Iowa</subfield><subfield code="c">Polk</subfield><subfield code="d">Des Moines.</subfield></datafield><datafield ind1="0" ind2="0" tag="780"><subfield code="t">State journal (Des Moines, Iowa : 1860)</subfield><subfield code="w">(DLC)sn 87057127</subfield></datafield><datafield ind1="0" ind2="5" tag="780"><subfield code="t">Commonwealth (Des Moines, Iowa)</subfield><subfield code="g">1862</subfield><subfield code="w">(DLC)sn 85049888</subfield></datafield><datafield ind1="0" ind2="5" tag="780"><subfield code="t">Daily commonwealth (Des Moines, Iowa)</subfield><subfield code="g">1862</subfield><subfield code="w">(DLC)sn 87057128</subfield></datafield><datafield ind1="0" ind2="0" tag="785"><subfield code="t">Iowa statesman (Des Moines, Iowa : 1862)</subfield><subfield code="w">(DLC)sn 87057036</subfield></datafield><datafield ind1="1" ind2=" " tag="029"><subfield code="a">AU@</subfield><subfield code="b">000025786280</subfield></datafield></record>